%# -*- coding: utf-8-unix -*-

@article {Taylorc951,
	author = {Taylor, Cath and Munro, Alastair J and Glynne-Jones, Rob and Griffith, Clive and Trevatt, Paul and Richards, Michael and Ramirez, Amanda J},
	title = {Multidisciplinary team working in cancer: what is the evidence?},
	volume = {340},
	elocation-id = {c951},
	year = {2010},
	doi = {10.1136/bmj.c951},
	publisher = {BMJ Publishing Group Ltd},
	issn = {0959-8138},
	URL = {https://www.bmj.com/content/340/bmj.c951},
	eprint = {https://www.bmj.com/content},
	journal = {BMJ}
}

@Inbook{Filip2017,
author="Filip, Florin Gheorghe
and Zamfirescu, Constantin-B{\u{a}}l{\u{a}}
and Ciurea, Cristian",
title="Decision Support Systems",
bookTitle="Computer-Supported Collaborative Decision-Making",
year="2017",
publisher="Springer International Publishing",
address="Cham",
pages="31--69",
abstract="The chapter is meant to familiarize the reader with the general notions concerning a well-defined class of information systems, namely the decision support systems (DSS).",
isbn="978-3-319-47221-8",
doi="10.1007/978-3-319-47221-8_2",
url="https://doi.org/10.1007/978-3-319-47221-8_2"
}

@Inbook{Ligêza2006,
title="Principles of Verification of Rule-Based Systems",
bookTitle="Logical Foundations for Rule-Based Systems",
year="2006",
publisher="Springer Berlin Heidelberg",
address="Berlin, Heidelberg",
pages="191--198",
isbn="978-3-540-32446-1",
doi="10.1007/3-540-32446-1_12",
url="https://doi.org/10.1007/3-540-32446-1_12"
}

@article{Mohler2010The,
  title={The 2010 NCCN Clinical Practice Guidelines in Oncology on Prostate Cancer},
  author={Mohler, James L.},
  journal={Journal of the National Comprehensive Cancer Network Jnccn},
  volume={8},
  number={2},
  pages={650-83},
  year={2010},
}

@article{Schank1988SCRIPTS,
  title={SCRIPTS, PLANS, GOALS, AND UNDERSTANDING},
  author={Schank, R. C. and Abelson, R. P.},
  journal={Readings in Cognitive Science},
  pages={190-223},
  year={1988},
}

@inproceedings{Schank1982Dynamic,
  title={Dynamic Memory: A Theory of Reminding and Learning in Computers and People},
  author={Schank, Roger C},
  year={1982},
}

@article{Daniel2012Designing,
  title={Designing a pilot sequential multiple assignment randomized trial for developing an adaptive treatment strategy},
  author={Daniel, Almirall and Compton, Scott N, and Meredith, Gunlicks Stoessel and Naihua, Duan and Murphy, Susan A,},
  journal={Statistics in Medicine},
  volume={31},
  number={17},
  pages={1887-1902},
  year={2012},
}

@article{Gunlicks2017A,
  title={A Pilot SMART for Developing an Adaptive Treatment Strategy for Adolescent Depression},
  author={Gunlicks-Stoessel, M and Mufson, L and Westervelt, A and Almirall, D and Murphy, S},
  journal={J Clin Child Adolesc Psychol},
  volume={45},
  number={4},
  pages={1-15},
  year={2017},
}

@article{Chen2016A,
  title={A Physician Advisory System for Chronic Heart Failure management based on knowledge patterns},
  author={Chen, Zhuo and Marple, Kyle and Salazar, Elmer and Gupta, Gopal and Tamil, Lakshman},
  journal={Theory & Practice of Logic Programming},
  volume={16},
  number={5-6},
  pages={604-618},
  year={2016},
}

@inproceedings{Zhang2017LEAP,
  title={LEAP: Learning to Prescribe Effective and Safe Treatment Combinations for Multimorbidity},
  author={Zhang, Yutao and Chen, Robert and Jie, Tang and Stewart, Walter F. and Sun, Jimeng},
  booktitle={Acm Sigkdd International Conference on Knowledge Discovery & Data Mining},
  year={2017},
}

@article{Zhang2017iDoctor,
  title={iDoctor: Personalized and professionalized medical recommendations based on hybrid matrix factorization.},
  author={Zhang, Yin and Chen, Min and Huang, Dijiang and Wu, Di and Li, Yong},
  journal={Future Generation Computer Systems},
  volume={66},
  pages={30-35},
  year={2017},
}

@article{Thong2015HIFCF,
  title={HIFCF: An effective hybrid model between picture fuzzy clustering and intuitionistic fuzzy recommender systems for medical diagnosis},
  author={Thong, Nguyen Tho and Le, Hoang Son},
  journal={Expert Systems with Applications},
  volume={42},
  number={7},
  pages={3682-3701},
  year={2015},
}

@inproceedings{Pradhan2014Improving,
  title={Improving dental care recommendation systems using trust and social networks},
  author={Pradhan, S and Gay, V and Nepal, S},
  booktitle={IEEE International Conference on Communications},
  year={2014},
}

@article{Srinivasan1995RPC,
  title={RPC: Remote Procedure Call Protocol specification: Version 2},
  author={Srinivasan, R.},
  journal={Rfc},
  volume={11},
  number={3},
  pages={5531},
  year={1995},
}

@article{Turoff1982Computer,
  title={Computer Support for Group Versus Individual Decisions},
  author={Turoff, Murray and Hiltz, Starr Roxanne},
  journal={Communications IEEE Transactions on},
  volume={30},
  number={1},
  pages={82-91},
  year={1982},
}

@book{Stumme2000Conceptual,
  title={Conceptual On-Line Analytical Processing},
  author={Stumme, Gerd},
  year={2000},
}

@book{Buchanan1984Rule,
  title={Rule-based Expert System – The MYCIN Experiments of the Stanford Heuristic Programming Project},
  author={Buchanan, Bruce G and Shortliffe, Edward Hance},
  year={1984},
}

@book{Gonzalez1985The,
  title={The Engineering of Knowledge-Based Systems: Theory and Practice},
  author={Gonzalez, Avelino J and Dankel, Douglas D},
  year={1985},
}

@book{Ligeza2006Logical,
  title={Logical Foundations for Rule-Based Systems (Studies in Computational Intelligence) (Studies in Computational Intelligence)},
  author={Ligeza, Antoni},
  year={2006},
}

@article{Grabiner1986Computers,
  title={Computers and the nature of man: a historian’s perspective on controversies about artificial intelligence},
  author={Grabiner, Judith V},
  journal={Bulletin of the American Mathematical Society},
  volume={15},
  number={2},
  pages={113-126},
  year={1986},
}

@article{Mccampbell1999Knowledge,
  title={Knowledge management: the new challenge for the 21st century},
  author={Mccampbell, Atefeh Sadri and Clare, Linda Moorhead and Gitters, Scott Howard},
  journal={Journal of Knowledge Management},
  volume={3},
  number={3},
  pages={172-179},
  year={1999},
}

@article{Durkin:1996:ESV:629551.630145,
 author = {Durkin, John},
 title = {Expert Systems: A View of the Field},
 journal = {IEEE Expert: Intelligent Systems and Their Applications},
 issue_date = {April 1996},
 volume = {11},
 number = {2},
 month = apr,
 year = {1996},
 issn = {0885-9000},
 pages = {56--63},
 numpages = {8},
 url = {https://doi.org/10.1109/64.491282},
 doi = {10.1109/64.491282},
 acmid = {630145},
 publisher = {IEEE Educational Activities Department},
 address = {Piscataway, NJ, USA},
 keywords = {artificial intelligence, expert systems},
} 

@article{Shortliffe1976Copyright,
  title={Copyright - Computer-Based Medical Consultations: Mycin},
  author={Shortliffe, By E H},
  year={1976},
}

@book{Friedland1985Special,
  title={Special section on architectures for knowledge-based systems},
  author={Friedland, Peter},
  pages={902-903},
  year={1985},
}

@book{Hayes1983Building,
  title={Building expert systems},
  author={Hayes-Roth, Frederick and Waterman, Donald A. and Lenat, Douglas B.},
  year={1983},
}

@book{Mitchell1997Machine,
  title={Machine Learning},
  author={Mitchell, Tom M. and Carbonell, Jaime G. and Michalski, Ryszard S.},
  year={1997},
}

@article{Quinlan1986Induction,
  title={Induction of decision trees},
  author={Quinlan, J. R.},
  journal={Machine Learning},
  volume={1},
  number={1},
  pages={81-106},
  year={1986},
}

@article{Biles1983Building,
  title={Building expert systems},
  author={Biles, J. A.},
  journal={Proceedings of the IEEE},
  volume={73},
  number={2},
  pages={383-383},
  year={1983},
}

@article{Hunt2005Effects,
  title={Effects of computer-based clinical decision support systems on physician performance and patient outcomes: a systematic review},
  author={Hunt, D L, and Haynes, R B, and Hanna, S E, and Smith, K. ,.},
  journal={Jama Journal of the American Medical Association},
  volume={280},
  number={15},
  pages={1339-1346},
  year={2005},
}

@article{article,
author = {Tsymbal, Alexey},
year = {2004},
month = {05},
pages = {},
title = {The Problem of Concept Drift: Definitions and Related Work}
}

@inproceedings{Schank1982Dynamic,
  title={Dynamic Memory: A Theory of Reminding and Learning in Computers and People},
  author={Schank, Roger C},
  year={1982},
}

@article{LebowitzGeneralization,
  title={Generalization from natural language text},
  author={Lebowitz, Michael},
  journal={Cognitive Science},
  volume={7},
  number={1},
  pages={1-40},
}

@article{Lebowitz2005Memory,
  title={Memory-based parsing},
  author={Lebowitz, Michael},
  journal={Computer Compacts},
  volume={1},
  number={4},
  pages={363-404},
  year={2005},
}

@article{Aamodt2001Case,
  title={Case-Based Reasoning: Foundational Issues, Methodological Variations, and System Approaches},
  author={Aamodt, Agnar and Plaza, Enric},
  journal={Ai Communications},
  volume={7},
  number={1},
  pages={39-59},
  year={2001},
}

@inproceedings{Sabater1998Using,
  title={Using Rules to support Case-Based Reasoning for harmonizing melodies},
  author={Sabater, J. and Arcos, J. L. and Mántaras, R. López De},
  booktitle={AAAI’98 Spring Symposium workshop on Multimodal Reasoning},
  year={1998},
}

@article{Oh2013Introduction,
  title={Introduction to Linear Regression Analysis, 5th edition by MONTGOMERY, DOUGLAS C., PECK, ELIZABETH A., and VINING, G. GEOFFREY},
  author={Oh, Hee Seok},
  journal={Biometrics},
  volume={69},
  number={4},
  pages={1087-1087},
  year={2013},
}

@article{QinSemi,
  title={Semi-parametric optimization for missing data imputation},
  author={Qin, Yongsong and Shichao Zhang and Xiaofeng Zhu and Jilian Zhang and Chengqi Zhang},
  journal={Applied Intelligence},
  volume={27},
  number={1},
  pages={79-88},
}

@inproceedings{Zhang2006Clustering,
  title={Clustering-based Missing Value Imputation for Data Preprocessing},
  author={Zhang, Chengqi and Qin, Yongsong and Zhu, Xiaofeng and Zhang, Jilian and Zhang, Shichao},
  booktitle={Industrial Informatics, 2006 IEEE International Conference on},
  year={2006},
}
@article{ZhuMissing,
  title={Missing Value Estimation for Mixed-Attribute Data Sets},
  author={Zhu, Xiaofeng and Zhang, Shichao and Jin, Zhi and Zhang, Zili and Xu, Zhuoming},
  journal={IEEE Transactions on Knowledge & Data Engineering},
  volume={23},
  number={1},
  pages={110-121},
}

@article{ShenFuzzy,
  title={Fuzzy KNN for predicting membrane protein types from pseudo-amino acid composition},
  author={Shen, Hong Bin and Jie Yang and Kuo-Chen Chou},
  journal={Journal of Theoretical Biology},
  volume={240},
  number={1},
  pages={9-13},
}

@article{RenThe,
  title={The maximum imputation framework for neighborhood-based collaborative filtering},
  author={Ren, Y. and G. Li and J. Zhang and W. Zhou},
  volume={4},
  number={1},
}

@inproceedings{Rosa2003Data,
  title={Data mining for data classification based on the KNN-fuzzy method supported by genetic algorithm},
  author={Rosa, Jla and Ebecken, Nff},
  booktitle={5th International Conference on High Performance Computing for},
  year={2003},
}

@article{Ali2011Improved,
  title={Improved Evidence Theoretic kNN Classifier based on Theory of Evidence},
  author={Ali, P. Umar Sathic and Jothi, Ventakeswaran C.},
  journal={International Journal of Computer Applications},
  volume={15},
  number={5},
  pages={37-41},
  year={2011},
}

@article{MathyThe,
  title={The Boundary Forest Algorithm for Online Supervised and Unsupervised Learning},
  author={Mathy, Charles and Derbinsky, Nate and Bento, José and Rosenthal, Jonathan and Yedidia, Jonathan},
}

@article{article,
author = {Zhang, Shichao and Li, Xuelong and Zong, Ming and Zhu, Xiaofeng and Cheng, Debo},
year = {2017},
month = {01},
pages = {1-19},
title = {Learning k for kNN Classification},
volume = {8},
journal = {ACM Transactions on Intelligent Systems and Technology},
doi = {10.1145/2990508}
}

@article{Lyman2005Guidelines,
  title={Guidelines of the National Comprehensive Cancer Network on the use of myeloid growth factors with cancer chemotherapy: a review of the evidence.},
  author={Lyman, Gary H},
  volume={3},
  number={4},
  pages={557-71},
  year={2005},
}